<record><leader>00000cas a22000007a 4500</leader><controlfield tag="001">14995365</controlfield><controlfield tag="008">861219d193u19uualuwr ne      0    0eng d</controlfield><datafield ind1=" " ind2=" " tag="010"><subfield code="a">sn 86050465 </subfield></datafield><datafield ind1=" " ind2=" " tag="040"><subfield code="a">AAR</subfield><subfield code="b">eng</subfield><subfield code="c">AAR</subfield><subfield code="d">CPN</subfield><subfield code="d">OCLCQ</subfield></datafield><datafield ind1=" " ind2=" " tag="042"><subfield code="a">msc</subfield></datafield><datafield ind1="0" ind2="4" tag="245"><subfield code="a">The Town Creek dispatch.</subfield></datafield><datafield ind1="1" ind2="7" tag="246"><subfield code="a">Muscle Shoals news</subfield></datafield><datafield ind1=" " ind2=" " tag="260"><subfield code="a">Town Creek, Ala. :</subfield><subfield code="b">Wimpee Printery, Inc.</subfield></datafield><datafield ind1=" " ind2=" " tag="300"><subfield code="a">v.</subfield></datafield><datafield ind1=" " ind2=" " tag="310"><subfield code="a">Weekly</subfield></datafield><datafield ind1=" " ind2=" " tag="515"><subfield code="a">Numbering is irregular.</subfield></datafield><datafield ind1=" " ind2=" " tag="588"><subfield code="a">Description based on: Vol. 4, no. 4 (Feb. 18, 1937).</subfield></datafield><datafield ind1=" " ind2=" " tag="752"><subfield code="a">United States</subfield><subfield code="b">Alabama</subfield><subfield code="c">Lawrence</subfield><subfield code="d">Town Creek.</subfield></datafield></record>